<record><leader>00000cas a22000007a 4500</leader><controlfield tag="001">25649390</controlfield><controlfield tag="008">920415d19161953nyuwr ne      0    0eng d</controlfield><datafield ind1=" " ind2=" " tag="010"><subfield code="a">sn 92061687 </subfield></datafield><datafield ind1=" " ind2=" " tag="040"><subfield code="a">NYS</subfield><subfield code="b">eng</subfield><subfield code="c">NYS</subfield><subfield code="d">OCLCQ</subfield></datafield><datafield ind1=" " ind2=" " tag="042"><subfield code="a">msc</subfield></datafield><datafield ind1="0" ind2=" " tag="130"><subfield code="a">Whitesville news (Whitesville, N.Y. : 1916)</subfield></datafield><datafield ind1="1" ind2="4" tag="245"><subfield code="a">The Whitesville news.</subfield></datafield><datafield ind1=" " ind2=" " tag="260"><subfield code="a">Whitesville, Allegany County [N.Y.] :</subfield><subfield code="b">Glenn J. Robbin</subfield></datafield><datafield ind1=" " ind2=" " tag="300"><subfield code="a">v.</subfield></datafield><datafield ind1=" " ind2=" " tag="310"><subfield code="a">Weekly</subfield></datafield><datafield ind1="0" ind2=" " tag="362"><subfield code="a">Vol. 21, no. 46 [i.e. 47] (Mar. 2, 1916)-v. 57, no. 51 (May 7, 1953).</subfield></datafield><datafield ind1=" " ind2="4" tag="651"><subfield code="a">Whitesville (N.Y.)</subfield><subfield code="v">Newspapers.</subfield></datafield><datafield ind1=" " ind2=" " tag="752"><subfield code="a">United States</subfield><subfield code="b">New York</subfield><subfield code="c">Allegany</subfield><subfield code="d">Whitesville.</subfield></datafield><datafield ind1="0" ind2="0" tag="780"><subfield code="t">Allegany County news</subfield><subfield code="w">(DLC)sn 92061686</subfield><subfield code="w">(OCoLC)25649229</subfield></datafield></record>